@inproceedings{kuang2017pharmacovigilance,
  title={Pharmacovigilance via Baseline Regularization with Large-Scale Longitudinal Observational Data},
  author={Kuang, Zhaobin and Peissig, Peggy and Santos Costa, Vitor and Maclin, Richard and Page, David},
  booktitle={Proceedings of the 23rd ACM SIGKDD International Conference on Knowledge Discovery and Data Mining},
  pages={1537--1546},
  year={2017},
  organization={ACM}
}

@inproceedings{kuang2016computational,
  title={Computational drug repositioning using continuous self-controlled case series},
  author={Kuang, Zhaobin and Thomson, James and Caldwell, Michael and Peissig, Peggy and Stewart, Ron and Page, David},
  booktitle={Proceedings of the 22nd ACM SIGKDD International Conference on Knowledge Discovery and Data Mining},
  pages={491--500},
  year={2016},
  organization={ACM}
}
